%% This BibTeX bibliography file was created using BibDesk.
%% http://bibdesk.sourceforge.net/

%% Created for Andrew Zhang at 2018-02-12 12:19:02 -0500 


%% Saved with string encoding Unicode (UTF-8) 



@webpage{MEDAX,
	Author = {Joseph Malkevitch},
	Date-Added = {2017-11-20 10:30:44 +0000},
	Date-Modified = {2017-11-20 10:36:31 +0000},
	Title = {Medial Axis},
	Url = {https://www.york.cuny.edu/~malk/tidbits/tidbit-skeleton.html},
	Year = {2002},
	Bdsk-Url-1 = {https://www.york.cuny.edu/~malk/tidbits/tidbit-skeleton.html}}

@book{ALEXANDROV,
	Author = {Alexandr D. Alexandrov},
	Date-Added = {2017-11-20 04:02:51 +0000},
	Date-Modified = {2017-11-20 04:04:17 +0000},
	Publisher = {Gosydarstvennoe Izdatelstvo Tehno-Teoreticheskoi Literaturu},
	Title = {Vupyklue Mnogogranniki},
	Year = {1950}}

@inbook{cite-key,
	Date-Added = {2017-11-20 04:00:20 +0000},
	Date-Modified = {2017-11-20 04:00:22 +0000}}

@jurthesis{ROURKE,
	Author = {Boris Aronov and Joseph O'Rourke},
	Date-Added = {2017-11-20 03:57:20 +0000},
	Date-Modified = {2017-11-20 03:59:10 +0000},
	Publisher = {Discrete Computational Geometry},
	Title = {Nonoverlap of the star unfolding},
	Year = {1992}}

@electronic{ANGLES,
	Author = {Rod Pierce},
	Date-Added = {2017-11-19 22:59:02 +0000},
	Date-Modified = {2017-11-20 07:45:51 +0000},
	Lastchecked = {November 19},
	Title = {Internal Angles of Polygons},
	Url = {https://www.mathsisfun.com/geometry/interior-angles-polygons.html},
	Year = {2016},
	Bdsk-Url-1 = {https://www.mathsisfun.com/geometry/interior-angles-polygons.html}}

@unpublished{STANFORD,
	Author = {Reza Zadeh},
	Date-Added = {2017-11-19 05:02:13 +0000},
	Date-Modified = {2018-02-12 17:18:59 +0000},
	Note = {Course Notes prepared from Stanford CME305 mathematics course},
	Title = {CME305: Discrete Mathematics and Algorithms},
	Year = {2017}}

@book{FOLDIT:1,
	Author = {Joseph O'Rourke},
	Date-Added = {2017-11-18 20:51:01 +0000},
	Date-Modified = {2017-11-18 20:52:27 +0000},
	Keywords = {Miura},
	Publisher = {Cambridge University Press},
	Rating = {5},
	Title = {How to Fold It: The Mathematics of Linkages, Origami, and Polyhedra},
	Year = {2011}}

@book{GFALOP:1,
	Author = {Erik D. Demaine and Joseph O'Rourke},
	Date-Added = {2017-11-18 20:42:27 +0000},
	Date-Modified = {2017-11-19 05:06:42 +0000},
	Keywords = {Star Unfolding},
	Month = {July},
	Publisher = {Cambridge University Press},
	Rating = {5},
	Title = {Geometric Folding Algorithms: Linkages, Origami, Polyhedra},
	Year = {2007}}
